@string{TYPE_ = {{}}}

@BOOK{Anderson,
   AUTHOR = "P. M. Anderson",
    TITLE = {Power System Control and Stability} # TYPE_,
PUBLISHER = {IEEE Press},
     YEAR = 1993}

@BOOK{Boyd94,
   AUTHOR = "S. Boyd and L. E. Ghaoui and E. Feron and V. Balakrishnan",
    TITLE = {Linear Matrix Inequalities in System and Control Theory} # TYPE_,
PUBLISHER = {SIAM},
  address = {Philadelphia, PA},
     YEAR = 1994}

@BOOK{Gahinet95,
   AUTHOR = "P. Gahinet and A. Nemirovski and A. J. Laub and M. Chilali",
    TITLE = {{LMI} Control Toolbox User's Guide} # TYPE_,
PUBLISHER = {The MathWorks, Inc.},
     YEAR = 1995,
    month = {May},
  edition = {1st},
  address = {24 Prime Park Way, Natick, Mass. 01760-1500}}

@BOOK{LMILAB,
   AUTHOR = "P. Gahinet and A. Nemirovski and A. J. Laub and M. Chilali",
    TITLE = {{LMI} Control Toolbox User's Guide} # TYPE_,
PUBLISHER = {The MathWorks, Inc.},
     YEAR = 1995,
    month = May,
  address = {24 Prime Park Way, Natick, Mass. 01760-1500}}

@BOOK{Shen96,
   AUTHOR = "申铁龙",
    TITLE = {$\mathcal{H}_\infty$控制理论及应用} # TYPE_,
PUBLISHER = {清华大学出版社},
     YEAR = 1996}
     
@BOOK{Huang84,
   AUTHOR = "黄琳",
    TITLE = {系统与控制理论中的线性代数} # TYPE_,
PUBLISHER = {科学出版社},
     YEAR = 1984}

@BOOK{Huang92A,
   AUTHOR = "黄琳",
    TITLE = {稳定性理论} # TYPE_,
PUBLISHER = {北京大学出版社},
     YEAR = 1992}

@BOOK{KeminDG,
   AUTHOR = "K. M. Zhou and J. C. Doyle and K. Glover",
    TITLE = {Robust \& Optimal Control} # TYPE_,
PUBLISHER = {Prentice Hall},
     YEAR = 1996}

@BOOK{Kundur,
   AUTHOR = "P. Kundur",
    TITLE = {Power System Stability and Control} # TYPE_,
PUBLISHER = {McGraw-Hill Inc., New York, USA},
     YEAR = 1994}

@BOOK{NN94,
   AUTHOR = "Y. Nesterov and A. Nemirovski",
    TITLE = {Interior-point Polynomial Methods in Convex Programming} # TYPE_,
PUBLISHER = {SIAM},
     YEAR = 1994,
  address = {Philadelphia, PA},
   series = {Studies in Applied Mathematics},
   volume = 13}

@BOOK{Xie94,
   AUTHOR = "{解学书, 钟宜生}",
    TITLE = {$\mathcal{H}_\infty$控制理论} # TYPE_,
PUBLISHER = {清华大学出版社},
     YEAR = 1994}

@BOOK{LGB00,
   AUTHOR = "{李庆扬, 关治, 白峰杉}",
    TITLE = {数值计算原理} # TYPE_,
PUBLISHER = {清华大学出版社},
     YEAR = 2000}

@BOOK{MUTOOLS,
   AUTHOR = "Gary J. Balas and John C. Doyle and Keith Glover and Andy Packard and Roy Smith",
    TITLE = {$\mu$ Analysis and Synthesis Toolbox} # TYPE_,
PUBLISHER = {The MUSYN Inc. and The MathWorks Inc.},
  address = {Minneapolis, MN},
     YEAR = 1998}

@BOOK{AdvLMI,
   AUTHOR = "Laurent {El Ghaoui}",
    TITLE = {Advances in Linear Matrix Inequality Method in Control} # TYPE_,
PUBLISHER = {SIAM},
     YEAR = 2000}

@BOOK{GeneC,
   AUTHOR = "Gene H. Golub and Charles F. Van Loan",
    TITLE = {Matrix Computations} # TYPE_,
PUBLISHER = {The Johns Hopkins University Press},
     YEAR = 1983,
  address = {Baltimore, Maryland}}

@BOOK{LEONDV,
   AUTHOR = "G. A. Leonov and D. V. Ponomarenko and V. B. Smirnova",
    TITLE = {Frequency-Domain Methods for Nonlinear Analysis} # TYPE_,
PUBLISHER = {World Scientific},
  address = {Singapore},
     YEAR = 1996}

@BOOK{VITERBI,
   AUTHOR = "A. J. Viterbi",
    TITLE = {The Principles of Coherent Communication} # TYPE_,
PUBLISHER = {Megraw-Hill},
  address = {New York},
     YEAR = 1966}

@BOOK{NJ73,
   AUTHOR = "K. S. Narendra and J. H. Taylor",
    TITLE = {Frequency Domain Criteria for Absolute Stability} # TYPE_,
PUBLISHER = {Academic Press},
  address = {New York},
     YEAR = 1973}

@BOOK{Vidya93,
   AUTHOR = "M. Vidyasagar",
    TITLE = {Nonlinear System Analysis} # TYPE_,
PUBLISHER = {Prentice Hall},
  address = {Englewood Cliffs, NJ},
     YEAR = 1993}

@BOOK{BT69,
   AUTHOR = "E. A. Barbashin and V. A. Tabueva",
    TITLE = {Dynamical systems with cylindrical phase space} # TYPE_,
PUBLISHER = {Nauka},
  address = {Moscow},
     YEAR = 1969}

@BOOK{Green,
   AUTHOR = "M. Green and D. J. N Limebeer",
    TITLE = {Linear robust control} # TYPE_,
PUBLISHER = {Prentice Hall Englewood Cliffs},
  address = {NJ},
     YEAR = 1995}

@BOOK{Shakhgi,
   AUTHOR = "V. V. Shakhgil'dyan and A. A. Lyakhovkin",
    TITLE = {Phase lock loops} # TYPE_,
PUBLISHER = {Radio i Svyaz'},
  address = {Moscow},
     YEAR = 1972}

@BOOK{Khalil,
   AUTHOR = "H. K. Khalil",
    TITLE = {Nonlinear systems} # TYPE_,
PUBLISHER = {MacMillan},
  address = {New York},
     YEAR = 1992}

@BOOK{Bhatta,
   AUTHOR = "S. P. Bhattacharyya and H. Chapellat and L. H. Keel",
    TITLE = {Robust control: The parametric approach} # TYPE_,
PUBLISHER = {Prentice Hall},
  address = {Upper Saddle River. NJ},
     YEAR = 1995}

@BOOK{Feng95,
   AUTHOR = "{冯纯伯, 田玉平, 忻欣}",
    TITLE = {鲁棒控制系统设计} # TYPE_,
PUBLISHER = {东南大学出版社},
     YEAR = 1995}

@BOOK{Ronald91,
   AUTHOR = "Ronald R. Mohler",
    TITLE = {Nonlinear Systems} # TYPE_,
Publisher = {Prentice Hall},
  address = {Englewood Cliffs, New Jersey},
   Volume = {Dynamics and Control},
     YEAR = 1991}

@BOOK{Hu02,
   AUTHOR = "胡跃明",
    TITLE = {非线性控制系统理论与应用} # TYPE_,
PUBLISHER = {国防工业出版社},
     YEAR = 2002}

@BOOK{Wang88,
   AUTHOR = "{王德澍，黄明瑞}",
    TITLE = {非线性控制系统引论} # TYPE_,
PUBLISHER = {成都电讯工程学院出版社},
     YEAR = 1988}

@BOOK{Cao01,
   AUTHOR = "{曹建福，韩崇昭，方洋旺}",
    TITLE = {非线性系统理论及应用} # TYPE_,
PUBLISHER = {西安交通大学出版社},
     YEAR = 2001}

@BOOK{Han01,
   AUTHOR = "{韩茂安，顾圣士}",
    TITLE = {非线性系统的理论和方法} # TYPE_,
PUBLISHER = {科学出版社},
     YEAR = 2001}

@incollection{Soh,
   AUTHOR = "Y. C. Soh and Y. K. Foo",
    TITLE = {Stability margins of perturbed systems} # TYPE_,
PUBLISHER = {Birkhauser Verlag},
  address = {Basel, Switzerland},
   series = {Robustness of dynamic systems with paramter uncertainties},
   editor = {M. Mansour, S. Balemi & W. Truol},
    pages = {13--21},
     YEAR = 1992}

@BOOK{AG64,
   AUTHOR = "M. A. Aizerman and F. R. Gantmacher",
    TITLE = {Absolute stability of regulator systems} # TYPE_,
PUBLISHER = {Holden-Day},
  address = {San Francisco},
     YEAR = 1964}

@BOOK{Huang03,
   AUTHOR = "黄琳",
    TITLE = {稳定性与鲁棒性的理论基础} # TYPE_,
PUBLISHER = {科学出版社},
     YEAR = 2003}

@BOOK{Willems71,
   AUTHOR = "J. C. Willems",
    TITLE = {The analysis of feedback systems} # TYPE_,
PUBLISHER = {MIT Press},
  address = {Cambridge, MA},
     YEAR = 1971}

@BOOK{Safonov80,
   AUTHOR = "M. G. Safonov",
    TITLE = {Stability and robustness of multivariable feedback systems} # TYPE_,
PUBLISHER = {MIT Press},
  address = {Boston, MA},
     YEAR = 1980}

@BOOK{DV75,
   AUTHOR = "Desoer, C. A. and Vidyasagar, M.",
    TITLE = {Feedback system: Input-Output Properties} # TYPE_,
PUBLISHER = {Academic Press},
  address = {New York},
     YEAR = 1975}

@BOOK{Xiong84,
   AUTHOR = "熊全淹",
    TITLE = {近世代数} # TYPE_,
PUBLISHER = {武汉大学出版社},
  address = {武昌珞珈山},
     YEAR = 1984}

@BOOK{Shi85,
   AUTHOR = "史明仁",
    TITLE = {线性代数六百证明题} # TYPE_,
PUBLISHER = {北京科学技术出版社},
     YEAR = 1985}

@BOOK{pku85,
   AUTHOR = "北京大学数学力学系几何与代数教研室",
    TITLE = {高等代数} # TYPE_,
PUBLISHER = {高等教育出版社},
     YEAR = 1985}
